
    <marc:record>
        <marc:leader>02616cas a2200625 a 4500</marc:leader>
        <marc:controlfield tag="001">CAT10595338</marc:controlfield>
        <marc:controlfield tag="005">20221101160129.0</marc:controlfield>
        <marc:controlfield tag="008">920801d19291965ja mr p       0   d0jpn c</marc:controlfield>
        <marc:datafield tag="010" ind1=" " ind2=" ">
            <marc:subfield code="a">  2002208255</marc:subfield>
        </marc:datafield>
        <marc:datafield tag="016" ind1="7" ind2=" ">
            <marc:subfield code="a">CAT10595338</marc:subfield>
            <marc:subfield code="2">DNAL</marc:subfield>
        </marc:datafield>
        <marc:datafield tag="016" ind1="7" ind2=" ">
            <marc:subfield code="a">008211209</marc:subfield>
            <marc:subfield code="2">Uk</marc:subfield>
        </marc:datafield>
        <marc:datafield tag="022" ind1=" " ind2=" ">
            <marc:subfield code="y">0369-5123</marc:subfield>
        </marc:datafield>
        <marc:datafield tag="035" ind1=" " ind2=" ">
            <marc:subfield code="a">563449</marc:subfield>
        </marc:datafield>
        <marc:datafield tag="035" ind1=" " ind2=" ">
            <marc:subfield code="a">(OCoLC)10055822</marc:subfield>
            <marc:subfield code="z">(OCoLC)1064389398</marc:subfield>
        </marc:datafield>
        <marc:datafield tag="035" ind1=" " ind2=" ">
            <marc:subfield code="a">(DNAL)563449-naldb-Voyager</marc:subfield>
        </marc:datafield>
        <marc:datafield tag="035" ind1=" " ind2=" ">
            <marc:subfield code="z">(OCoLC)1064389398</marc:subfield>
        </marc:datafield>
        <marc:datafield tag="040" ind1=" " ind2=" ">
            <marc:subfield code="a">LDL</marc:subfield>
            <marc:subfield code="b">eng</marc:subfield>
            <marc:subfield code="c">LDL</marc:subfield>
            <marc:subfield code="d">AGL</marc:subfield>
            <marc:subfield code="d">WAU</marc:subfield>
            <marc:subfield code="d">DLC</marc:subfield>
            <marc:subfield code="d">OCL</marc:subfield>
            <marc:subfield code="d">UKMGB</marc:subfield>
            <marc:subfield code="d">OCLCQ</marc:subfield>
            <marc:subfield code="d">OCLCF</marc:subfield>
            <marc:subfield code="d">OCLCO</marc:subfield>
            <marc:subfield code="d">OCLCQ</marc:subfield>
        </marc:datafield>
        <marc:datafield tag="041" ind1="0" ind2=" ">
            <marc:subfield code="a">jpn</marc:subfield>
            <marc:subfield code="b">eng</marc:subfield>
        </marc:datafield>
        <marc:datafield tag="042" ind1=" " ind2=" ">
            <marc:subfield code="a">pcc</marc:subfield>
        </marc:datafield>
        <marc:datafield tag="043" ind1=" " ind2=" ">
            <marc:subfield code="a">a-ja---</marc:subfield>
        </marc:datafield>
        <marc:datafield tag="049" ind1=" " ind2=" ">
            <marc:subfield code="a">AGLL</marc:subfield>
        </marc:datafield>
        <marc:datafield tag="066" ind1=" " ind2=" ">
            <marc:subfield code="c">$1</marc:subfield>
        </marc:datafield>
        <marc:datafield tag="070" ind1="0" ind2=" ">
            <marc:subfield code="a">290.8</marc:subfield>
            <marc:subfield code="b">N68</marc:subfield>
        </marc:datafield>
        <marc:datafield tag="072" ind1=" " ind2=" ">
            <marc:subfield code="a">N000</marc:subfield>
        </marc:datafield>
        <marc:datafield tag="245" ind1="0" ind2="0">
            <marc:subfield code="6">880-01</marc:subfield>
            <marc:subfield code="a">Nōgyō doboku kenkyū =</marc:subfield>
            <marc:subfield code="b">Journal of the Agricultural Engineering Society, Japan.</marc:subfield>
        </marc:datafield>
        <marc:datafield tag="880" ind1="0" ind2="0">
            <marc:subfield code="6">245-01/$1</marc:subfield>
            <marc:subfield code="a">農業土木硏究 =</marc:subfield>
            <marc:subfield code="b">Journal of the Agricultural Engineering Society, Japan.</marc:subfield>
        </marc:datafield>
        <marc:datafield tag="246" ind1="1" ind2=" ">
            <marc:subfield code="i">Vol. 28, no. 2 has English title:</marc:subfield>
            <marc:subfield code="a">Journal of the Agricultural Society, Japan</marc:subfield>
        </marc:datafield>
        <marc:datafield tag="246" ind1="3" ind2="1">
            <marc:subfield code="a">Journal of the Agricultural Engineering Society, Japan</marc:subfield>
        </marc:datafield>
        <marc:datafield tag="260" ind1=" " ind2=" ">
            <marc:subfield code="6">880-02</marc:subfield>
            <marc:subfield code="a">Tōkyō-to :</marc:subfield>
            <marc:subfield code="b">Nōgyō Doboku Gakkai,</marc:subfield>
            <marc:subfield code="c">-Shōwa 40 [1965]</marc:subfield>
        </marc:datafield>
        <marc:datafield tag="880" ind1=" " ind2=" ">
            <marc:subfield code="6">260-02/$1</marc:subfield>
            <marc:subfield code="a">東京都 :</marc:subfield>
            <marc:subfield code="b">農業土木学会,</marc:subfield>
            <marc:subfield code="c">-Shōwa 40 [1965]</marc:subfield>
        </marc:datafield>
        <marc:datafield tag="300" ind1=" " ind2=" ">
            <marc:subfield code="a">volumes :</marc:subfield>
            <marc:subfield code="b">illustrations ;</marc:subfield>
            <marc:subfield code="c">26 cm</marc:subfield>
        </marc:datafield>
        <marc:datafield tag="310" ind1=" " ind2=" ">
            <marc:subfield code="a">Monthly</marc:subfield>
        </marc:datafield>
        <marc:datafield tag="336" ind1=" " ind2=" ">
            <marc:subfield code="a">text</marc:subfield>
            <marc:subfield code="b">txt</marc:subfield>
            <marc:subfield code="2">rdacontent</marc:subfield>
        </marc:datafield>
        <marc:datafield tag="337" ind1=" " ind2=" ">
            <marc:subfield code="a">unmediated</marc:subfield>
            <marc:subfield code="b">n</marc:subfield>
            <marc:subfield code="2">rdamedia</marc:subfield>
        </marc:datafield>
        <marc:datafield tag="338" ind1=" " ind2=" ">
            <marc:subfield code="a">volume</marc:subfield>
            <marc:subfield code="b">nc</marc:subfield>
            <marc:subfield code="2">rdacarrier</marc:subfield>
        </marc:datafield>
        <marc:datafield tag="362" ind1="1" ind2=" ">
            <marc:subfield code="a">Began in Dec. 1929.</marc:subfield>
        </marc:datafield>
        <marc:datafield tag="362" ind1="0" ind2=" ">
            <marc:subfield code="6">880-03</marc:subfield>
            <marc:subfield code="a">-Dai 32-kan, dai 8-gō (Shōwa 40-nen 4-gatsu [Apr. 1965]).</marc:subfield>
        </marc:datafield>
        <marc:datafield tag="880" ind1="0" ind2=" ">
            <marc:subfield code="6">362-03/$1</marc:subfield>
            <marc:subfield code="a">-第32卷第8号 (昭和40年4月 [Apr. 1965]).</marc:subfield>
        </marc:datafield>
        <marc:datafield tag="515" ind1=" " ind2=" ">
            <marc:subfield code="a">Suspended Oct. 1943-Nov. 1948.</marc:subfield>
        </marc:datafield>
        <marc:datafield tag="546" ind1=" " ind2=" ">
            <marc:subfield code="a">In Japanese; summaries in English.</marc:subfield>
        </marc:datafield>
        <marc:datafield tag="588" ind1=" " ind2=" ">
            <marc:subfield code="a">Description based on: Dai 2-kan, dai 1-gō (Shōwa 5-nen 4-gatsu [Apr. 1930]); title from cover.</marc:subfield>
        </marc:datafield>
        <marc:datafield tag="591" ind1=" " ind2=" ">
            <marc:subfield code="b">NAL Reclamation</marc:subfield>
        </marc:datafield>
        <marc:datafield tag="650" ind1=" " ind2="0">
            <marc:subfield code="a">Agricultural engineering</marc:subfield>
            <marc:subfield code="z">Japan</marc:subfield>
            <marc:subfield code="v">Periodicals.</marc:subfield>
        </marc:datafield>
        <marc:datafield tag="651" ind1=" " ind2="7">
            <marc:subfield code="a">Japan.</marc:subfield>
            <marc:subfield code="2">fast</marc:subfield>
            <marc:subfield code="0">(OCoLC)fst01204082</marc:subfield>
        </marc:datafield>
        <marc:datafield tag="655" ind1=" " ind2="7">
            <marc:subfield code="a">Periodicals.</marc:subfield>
            <marc:subfield code="2">fast</marc:subfield>
            <marc:subfield code="0">(OCoLC)fst01411641</marc:subfield>
        </marc:datafield>
        <marc:datafield tag="710" ind1="2" ind2=" ">
            <marc:subfield code="6">880-04</marc:subfield>
            <marc:subfield code="a">Nōgyō Doboku Gakkai.</marc:subfield>
            <marc:subfield code="0">http://id.loc.gov/authorities/names/n82029164</marc:subfield>
        </marc:datafield>
        <marc:datafield tag="880" ind1="2" ind2=" ">
            <marc:subfield code="6">710-04/$1</marc:subfield>
            <marc:subfield code="a">農業土木学会.</marc:subfield>
        </marc:datafield>
        <marc:datafield tag="770" ind1="0" ind2=" ">
            <marc:subfield code="6">880-05</marc:subfield>
            <marc:subfield code="t">Nōgyō doboku kenkyū. Bessatsu</marc:subfield>
            <marc:subfield code="w">(DLC)  2002208256</marc:subfield>
            <marc:subfield code="w">(OCoLC)204469006</marc:subfield>
        </marc:datafield>
        <marc:datafield tag="880" ind1="0" ind2=" ">
            <marc:subfield code="6">770-05/$1</marc:subfield>
            <marc:subfield code="t">農業土木硏究. 別册</marc:subfield>
            <marc:subfield code="w">(DLC)  2002208256</marc:subfield>
            <marc:subfield code="w">(OCoLC)204469006</marc:subfield>
        </marc:datafield>
        <marc:datafield tag="785" ind1="0" ind2="0">
            <marc:subfield code="6">880-06</marc:subfield>
            <marc:subfield code="t">Nōgyō Doboku Gakkai shi</marc:subfield>
            <marc:subfield code="x">0369-5123</marc:subfield>
            <marc:subfield code="w">(DLC)sn 92015396</marc:subfield>
            <marc:subfield code="w">(OCoLC)9490269</marc:subfield>
        </marc:datafield>
        <marc:datafield tag="880" ind1="0" ind2="0">
            <marc:subfield code="6">785-06/$1</marc:subfield>
            <marc:subfield code="t">農業土木学会誌</marc:subfield>
            <marc:subfield code="x">0369-5123</marc:subfield>
            <marc:subfield code="w">(DLC)sn 92015396</marc:subfield>
            <marc:subfield code="w">(OCoLC)9490269</marc:subfield>
        </marc:datafield>
        <marc:datafield tag="850" ind1=" " ind2=" ">
            <marc:subfield code="a">DLC</marc:subfield>
        </marc:datafield>
        <marc:datafield tag="930" ind1=" " ind2=" ">
            <marc:subfield code="a">19940720</marc:subfield>
            <marc:subfield code="b">19940722</marc:subfield>
            <marc:subfield code="c">00000000</marc:subfield>
        </marc:datafield>
        <marc:datafield tag="946" ind1=" " ind2=" ">
            <marc:subfield code="a">Non-US</marc:subfield>
        </marc:datafield>
        <marc:datafield tag="035" ind1=" " ind2=" ">
            <marc:subfield code="a">(Alma)9915431434407426</marc:subfield>
        </marc:datafield>
    </marc:record>