
    <marc:record>
        <marc:leader>01841cam a2200421Ia 4500</marc:leader>
        <marc:controlfield tag="001">CAT89235428</marc:controlfield>
        <marc:controlfield tag="005">20221101160651.0</marc:controlfield>
        <marc:controlfield tag="008">890628s1980    sdu          s000 0 eng d</marc:controlfield>
        <marc:datafield tag="016" ind1="7" ind2=" ">
            <marc:subfield code="a">CAT89235428</marc:subfield>
            <marc:subfield code="2">DNAL</marc:subfield>
        </marc:datafield>
        <marc:datafield tag="035" ind1=" " ind2=" ">
            <marc:subfield code="a">435169</marc:subfield>
        </marc:datafield>
        <marc:datafield tag="035" ind1=" " ind2=" ">
            <marc:subfield code="a">(OCoLC)07105531</marc:subfield>
        </marc:datafield>
        <marc:datafield tag="035" ind1=" " ind2=" ">
            <marc:subfield code="a">(DNAL)435169-naldb-Voyager</marc:subfield>
        </marc:datafield>
        <marc:datafield tag="040" ind1=" " ind2=" ">
            <marc:subfield code="a">SDS</marc:subfield>
            <marc:subfield code="b">eng</marc:subfield>
            <marc:subfield code="c">SDS</marc:subfield>
            <marc:subfield code="d">AGL</marc:subfield>
            <marc:subfield code="d">OCL</marc:subfield>
            <marc:subfield code="d">OCLCQ</marc:subfield>
            <marc:subfield code="d">OCLCF</marc:subfield>
            <marc:subfield code="d">OCLCQ</marc:subfield>
            <marc:subfield code="d">OCLCO</marc:subfield>
            <marc:subfield code="d">SDB</marc:subfield>
            <marc:subfield code="d">OCLCA</marc:subfield>
            <marc:subfield code="d">OCLCQ</marc:subfield>
        </marc:datafield>
        <marc:datafield tag="043" ind1=" " ind2=" ">
            <marc:subfield code="a">n-us-sd</marc:subfield>
        </marc:datafield>
        <marc:datafield tag="049" ind1=" " ind2=" ">
            <marc:subfield code="a">AGLX</marc:subfield>
        </marc:datafield>
        <marc:datafield tag="070" ind1="0" ind2=" ">
            <marc:subfield code="a">100</marc:subfield>
            <marc:subfield code="b">So82 (1) no.675</marc:subfield>
        </marc:datafield>
        <marc:datafield tag="072" ind1=" " ind2=" ">
            <marc:subfield code="a">P200</marc:subfield>
        </marc:datafield>
        <marc:datafield tag="100" ind1="1" ind2=" ">
            <marc:subfield code="a">Lundeen, Ardelle A.</marc:subfield>
        </marc:datafield>
        <marc:datafield tag="245" ind1="1" ind2="0">
            <marc:subfield code="a">Public impacts of rural water systems :</marc:subfield>
            <marc:subfield code="b">a case study /</marc:subfield>
            <marc:subfield code="c">[Ardelle A. Lundeen and Larry L. Janssen].</marc:subfield>
        </marc:datafield>
        <marc:datafield tag="260" ind1=" " ind2=" ">
            <marc:subfield code="a">Brookings, S.D. :</marc:subfield>
            <marc:subfield code="b">South Dakota State University, Agricultural Experiment Station,</marc:subfield>
            <marc:subfield code="c">[1980?]</marc:subfield>
        </marc:datafield>
        <marc:datafield tag="300" ind1=" " ind2=" ">
            <marc:subfield code="a">[18] pages ;</marc:subfield>
            <marc:subfield code="c">28 cm.</marc:subfield>
        </marc:datafield>
        <marc:datafield tag="336" ind1=" " ind2=" ">
            <marc:subfield code="a">text</marc:subfield>
            <marc:subfield code="b">txt</marc:subfield>
            <marc:subfield code="2">rdacontent</marc:subfield>
        </marc:datafield>
        <marc:datafield tag="337" ind1=" " ind2=" ">
            <marc:subfield code="a">unmediated</marc:subfield>
            <marc:subfield code="b">n</marc:subfield>
            <marc:subfield code="2">rdamedia</marc:subfield>
        </marc:datafield>
        <marc:datafield tag="338" ind1=" " ind2=" ">
            <marc:subfield code="a">volume</marc:subfield>
            <marc:subfield code="b">nc</marc:subfield>
            <marc:subfield code="2">rdacarrier</marc:subfield>
        </marc:datafield>
        <marc:datafield tag="490" ind1="0" ind2=" ">
            <marc:subfield code="a">B ;</marc:subfield>
            <marc:subfield code="v">675</marc:subfield>
        </marc:datafield>
        <marc:datafield tag="591" ind1=" " ind2=" ">
            <marc:subfield code="b">NAL Reclamation</marc:subfield>
        </marc:datafield>
        <marc:datafield tag="650" ind1=" " ind2="0">
            <marc:subfield code="a">Water resources development</marc:subfield>
            <marc:subfield code="x">Economic aspects</marc:subfield>
            <marc:subfield code="z">South Dakota.</marc:subfield>
        </marc:datafield>
        <marc:datafield tag="650" ind1=" " ind2="0">
            <marc:subfield code="a">Water-supply, Rural</marc:subfield>
            <marc:subfield code="z">South Dakota</marc:subfield>
            <marc:subfield code="x">Finance.</marc:subfield>
        </marc:datafield>
        <marc:datafield tag="651" ind1=" " ind2="7">
            <marc:subfield code="a">South Dakota.</marc:subfield>
            <marc:subfield code="2">fast</marc:subfield>
            <marc:subfield code="0">(OCoLC)fst01204322</marc:subfield>
        </marc:datafield>
        <marc:datafield tag="700" ind1="1" ind2=" ">
            <marc:subfield code="a">Janssen, Larry L.</marc:subfield>
        </marc:datafield>
        <marc:datafield tag="710" ind1="2" ind2=" ">
            <marc:subfield code="a">South Dakota Agricultural Experiment Station.</marc:subfield>
            <marc:subfield code="0">http://id.loc.gov/authorities/names/n80036737</marc:subfield>
        </marc:datafield>
        <marc:datafield tag="740" ind1="0" ind2=" ">
            <marc:subfield code="a">Effects of rural water systems in local government revenues and expenditures in selected counties in South Dakota.</marc:subfield>
        </marc:datafield>
        <marc:datafield tag="776" ind1="0" ind2="8">
            <marc:subfield code="i">Online version:</marc:subfield>
            <marc:subfield code="a">Lundeen, Ardelle A.</marc:subfield>
            <marc:subfield code="t">Public impacts of rural water systems.</marc:subfield>
            <marc:subfield code="d">Brookings, S.D. : South Dakota State University, Agricultural Experiment Station, [1980?]</marc:subfield>
            <marc:subfield code="w">(OCoLC)776130803</marc:subfield>
        </marc:datafield>
        <marc:datafield tag="830" ind1=" " ind2="0">
            <marc:subfield code="a">Bulletin (South Dakota Agricultural Experiment Station) ;</marc:subfield>
            <marc:subfield code="v">675.</marc:subfield>
        </marc:datafield>
        <marc:datafield tag="852" ind1=" " ind2=" ">
            <marc:subfield code="a">DNAL</marc:subfield>
            <marc:subfield code="i">100 So82 (1) no.675</marc:subfield>
        </marc:datafield>
        <marc:datafield tag="930" ind1=" " ind2=" ">
            <marc:subfield code="a">20080920</marc:subfield>
            <marc:subfield code="b">20081011</marc:subfield>
            <marc:subfield code="c">00000000</marc:subfield>
        </marc:datafield>
        <marc:datafield tag="946" ind1=" " ind2=" ">
            <marc:subfield code="a">State experiment station</marc:subfield>
        </marc:datafield>
        <marc:datafield tag="035" ind1=" " ind2=" ">
            <marc:subfield code="a">(Alma)9915431626107426</marc:subfield>
        </marc:datafield>
    </marc:record>