
    <marc:record>
        <marc:leader>01671cam a2200373Ia 4500</marc:leader>
        <marc:controlfield tag="001">CAT89235812</marc:controlfield>
        <marc:controlfield tag="005">20221101160601.0</marc:controlfield>
        <marc:controlfield tag="008">890831s1951    tnua     b   s000 0 eng d</marc:controlfield>
        <marc:datafield tag="016" ind1="7" ind2=" ">
            <marc:subfield code="a">CAT89235812</marc:subfield>
            <marc:subfield code="2">DNAL</marc:subfield>
        </marc:datafield>
        <marc:datafield tag="035" ind1=" " ind2=" ">
            <marc:subfield code="a">435918</marc:subfield>
        </marc:datafield>
        <marc:datafield tag="035" ind1=" " ind2=" ">
            <marc:subfield code="a">(OCoLC)19789382</marc:subfield>
        </marc:datafield>
        <marc:datafield tag="035" ind1=" " ind2=" ">
            <marc:subfield code="a">(DNAL)435918-naldb-Voyager</marc:subfield>
        </marc:datafield>
        <marc:datafield tag="040" ind1=" " ind2=" ">
            <marc:subfield code="a">RQF</marc:subfield>
            <marc:subfield code="b">eng</marc:subfield>
            <marc:subfield code="c">RQF</marc:subfield>
            <marc:subfield code="d">AGL</marc:subfield>
            <marc:subfield code="d">OCLCQ</marc:subfield>
            <marc:subfield code="d">OCLCF</marc:subfield>
            <marc:subfield code="d">OCLCQ</marc:subfield>
            <marc:subfield code="d">OCLCO</marc:subfield>
        </marc:datafield>
        <marc:datafield tag="049" ind1=" " ind2=" ">
            <marc:subfield code="a">AGLY</marc:subfield>
        </marc:datafield>
        <marc:datafield tag="070" ind1="0" ind2=" ">
            <marc:subfield code="a">100</marc:subfield>
            <marc:subfield code="b">T25S (1) no.219</marc:subfield>
        </marc:datafield>
        <marc:datafield tag="072" ind1=" " ind2=" ">
            <marc:subfield code="a">L832</marc:subfield>
        </marc:datafield>
        <marc:datafield tag="100" ind1="1" ind2=" ">
            <marc:subfield code="a">Swanson, Eric W.</marc:subfield>
            <marc:subfield code="q">(Eric Wallace),</marc:subfield>
            <marc:subfield code="d">1918-</marc:subfield>
            <marc:subfield code="0">http://id.loc.gov/authorities/names/no2008163685</marc:subfield>
        </marc:datafield>
        <marc:datafield tag="245" ind1="1" ind2="0">
            <marc:subfield code="a">Mastitis studies in Tennessee /</marc:subfield>
            <marc:subfield code="c">by Eric W. Swanson and Ben T. Throop.</marc:subfield>
        </marc:datafield>
        <marc:datafield tag="260" ind1=" " ind2=" ">
            <marc:subfield code="a">Knoxville :</marc:subfield>
            <marc:subfield code="b">University of Tennessee, Agricultural Experiment Station,</marc:subfield>
            <marc:subfield code="c">1951.</marc:subfield>
        </marc:datafield>
        <marc:datafield tag="300" ind1=" " ind2=" ">
            <marc:subfield code="a">31 pages :</marc:subfield>
            <marc:subfield code="b">illustrations ;</marc:subfield>
            <marc:subfield code="c">23 cm.</marc:subfield>
        </marc:datafield>
        <marc:datafield tag="336" ind1=" " ind2=" ">
            <marc:subfield code="a">text</marc:subfield>
            <marc:subfield code="b">txt</marc:subfield>
            <marc:subfield code="2">rdacontent</marc:subfield>
        </marc:datafield>
        <marc:datafield tag="337" ind1=" " ind2=" ">
            <marc:subfield code="a">unmediated</marc:subfield>
            <marc:subfield code="b">n</marc:subfield>
            <marc:subfield code="2">rdamedia</marc:subfield>
        </marc:datafield>
        <marc:datafield tag="338" ind1=" " ind2=" ">
            <marc:subfield code="a">volume</marc:subfield>
            <marc:subfield code="b">nc</marc:subfield>
            <marc:subfield code="2">rdacarrier</marc:subfield>
        </marc:datafield>
        <marc:datafield tag="490" ind1="1" ind2=" ">
            <marc:subfield code="a">Bulletin / Agricultural Experiment Station, University of Tennessee ;</marc:subfield>
            <marc:subfield code="v">no. 219</marc:subfield>
        </marc:datafield>
        <marc:datafield tag="504" ind1=" " ind2=" ">
            <marc:subfield code="a">Includes bibliographical references (page 31).</marc:subfield>
        </marc:datafield>
        <marc:datafield tag="591" ind1=" " ind2=" ">
            <marc:subfield code="b">NAL Reclamation</marc:subfield>
        </marc:datafield>
        <marc:datafield tag="650" ind1=" " ind2="0">
            <marc:subfield code="a">Mastitis.</marc:subfield>
            <marc:subfield code="0">http://id.loc.gov/authorities/subjects/sh85082006</marc:subfield>
        </marc:datafield>
        <marc:datafield tag="700" ind1="1" ind2=" ">
            <marc:subfield code="a">Throop, Ben T.</marc:subfield>
        </marc:datafield>
        <marc:datafield tag="776" ind1="0" ind2="8">
            <marc:subfield code="i">Online version:</marc:subfield>
            <marc:subfield code="a">Swanson, Eric W. (Eric Wallace), 1918-</marc:subfield>
            <marc:subfield code="t">Mastitis studies in Tennessee.</marc:subfield>
            <marc:subfield code="d">Knoxville : University of Tennessee, Agricultural Experiment Station, 1951</marc:subfield>
            <marc:subfield code="w">(OCoLC)768347751</marc:subfield>
        </marc:datafield>
        <marc:datafield tag="830" ind1=" " ind2="0">
            <marc:subfield code="a">Bulletin (University of Tennessee (Knoxville campus). Agricultural Experiment Station) ;</marc:subfield>
            <marc:subfield code="v">no. 219.</marc:subfield>
        </marc:datafield>
        <marc:datafield tag="852" ind1=" " ind2=" ">
            <marc:subfield code="a">DNAL</marc:subfield>
            <marc:subfield code="i">100 T25S (1) no.219</marc:subfield>
        </marc:datafield>
        <marc:datafield tag="930" ind1="0" ind2="1">
            <marc:subfield code="a">00000000</marc:subfield>
            <marc:subfield code="b">00000000</marc:subfield>
            <marc:subfield code="c">19890612</marc:subfield>
            <marc:subfield code="e">1 890612</marc:subfield>
            <marc:subfield code="f">0 890612</marc:subfield>
            <marc:subfield code="s">1 890807</marc:subfield>
        </marc:datafield>
        <marc:datafield tag="946" ind1=" " ind2=" ">
            <marc:subfield code="a">State experiment station</marc:subfield>
        </marc:datafield>
        <marc:datafield tag="035" ind1=" " ind2=" ">
            <marc:subfield code="a">(Alma)9915431622707426</marc:subfield>
        </marc:datafield>
    </marc:record>