
    <marc:record>
        <marc:leader>01381cam a2200361Ia 4500</marc:leader>
        <marc:controlfield tag="001">CAT92269284</marc:controlfield>
        <marc:controlfield tag="005">20221101160534.0</marc:controlfield>
        <marc:controlfield tag="008">920730s1926    inuab        s000 0 eng d</marc:controlfield>
        <marc:datafield tag="016" ind1="7" ind2=" ">
            <marc:subfield code="a">CAT92269284</marc:subfield>
            <marc:subfield code="2">DNAL</marc:subfield>
        </marc:datafield>
        <marc:datafield tag="035" ind1=" " ind2=" ">
            <marc:subfield code="a">563413</marc:subfield>
        </marc:datafield>
        <marc:datafield tag="035" ind1=" " ind2=" ">
            <marc:subfield code="a">(OCoLC)26291427</marc:subfield>
        </marc:datafield>
        <marc:datafield tag="035" ind1=" " ind2=" ">
            <marc:subfield code="a">(DNAL)563413-naldb-Voyager</marc:subfield>
        </marc:datafield>
        <marc:datafield tag="040" ind1=" " ind2=" ">
            <marc:subfield code="a">RQF</marc:subfield>
            <marc:subfield code="b">eng</marc:subfield>
            <marc:subfield code="c">RQF</marc:subfield>
            <marc:subfield code="d">OCLCQ</marc:subfield>
            <marc:subfield code="d">OCLCF</marc:subfield>
            <marc:subfield code="d">OCLCQ</marc:subfield>
            <marc:subfield code="d">OCLCO</marc:subfield>
            <marc:subfield code="d">OCLCA</marc:subfield>
        </marc:datafield>
        <marc:datafield tag="043" ind1=" " ind2=" ">
            <marc:subfield code="a">n-us-in</marc:subfield>
        </marc:datafield>
        <marc:datafield tag="049" ind1=" " ind2=" ">
            <marc:subfield code="a">AGLY</marc:subfield>
        </marc:datafield>
        <marc:datafield tag="070" ind1="0" ind2=" ">
            <marc:subfield code="a">100</marc:subfield>
            <marc:subfield code="b">In2P no.138</marc:subfield>
        </marc:datafield>
        <marc:datafield tag="072" ind1=" " ind2=" ">
            <marc:subfield code="a">F821</marc:subfield>
        </marc:datafield>
        <marc:datafield tag="100" ind1="1" ind2=" ">
            <marc:subfield code="a">Davis, John J.</marc:subfield>
        </marc:datafield>
        <marc:datafield tag="245" ind1="1" ind2="4">
            <marc:subfield code="a">The European corn borer /</marc:subfield>
            <marc:subfield code="c">[J.J. Davis].</marc:subfield>
        </marc:datafield>
        <marc:datafield tag="260" ind1=" " ind2=" ">
            <marc:subfield code="a">Lafayette, Ind. :</marc:subfield>
            <marc:subfield code="b">Purdue University, Agricultural Experiment Station,</marc:subfield>
            <marc:subfield code="c">1926.</marc:subfield>
        </marc:datafield>
        <marc:datafield tag="300" ind1=" " ind2=" ">
            <marc:subfield code="a">18 pages :</marc:subfield>
            <marc:subfield code="b">illustrations, map ;</marc:subfield>
            <marc:subfield code="c">23 cm.</marc:subfield>
        </marc:datafield>
        <marc:datafield tag="336" ind1=" " ind2=" ">
            <marc:subfield code="a">text</marc:subfield>
            <marc:subfield code="b">txt</marc:subfield>
            <marc:subfield code="2">rdacontent</marc:subfield>
        </marc:datafield>
        <marc:datafield tag="337" ind1=" " ind2=" ">
            <marc:subfield code="a">unmediated</marc:subfield>
            <marc:subfield code="b">n</marc:subfield>
            <marc:subfield code="2">rdamedia</marc:subfield>
        </marc:datafield>
        <marc:datafield tag="338" ind1=" " ind2=" ">
            <marc:subfield code="a">volume</marc:subfield>
            <marc:subfield code="b">nc</marc:subfield>
            <marc:subfield code="2">rdacarrier</marc:subfield>
        </marc:datafield>
        <marc:datafield tag="490" ind1="1" ind2=" ">
            <marc:subfield code="a">Circular / Purdue University, Agricultural Experiment Station ;</marc:subfield>
            <marc:subfield code="v">no. 138</marc:subfield>
        </marc:datafield>
        <marc:datafield tag="591" ind1=" " ind2=" ">
            <marc:subfield code="b">NAL Reclamation</marc:subfield>
        </marc:datafield>
        <marc:datafield tag="650" ind1=" " ind2="0">
            <marc:subfield code="a">European corn borer</marc:subfield>
            <marc:subfield code="z">Indiana.</marc:subfield>
        </marc:datafield>
        <marc:datafield tag="651" ind1=" " ind2="7">
            <marc:subfield code="a">Indiana.</marc:subfield>
            <marc:subfield code="2">fast</marc:subfield>
            <marc:subfield code="0">(OCoLC)fst01204604</marc:subfield>
        </marc:datafield>
        <marc:datafield tag="776" ind1="0" ind2="8">
            <marc:subfield code="i">Online version:</marc:subfield>
            <marc:subfield code="a">Davis, John J.</marc:subfield>
            <marc:subfield code="t">European corn borer.</marc:subfield>
            <marc:subfield code="d">Lafayette, Ind. : Purdue University, Agricultural Experiment Station, 1926</marc:subfield>
            <marc:subfield code="w">(OCoLC)958836930</marc:subfield>
        </marc:datafield>
        <marc:datafield tag="830" ind1=" " ind2="0">
            <marc:subfield code="a">Circular (Purdue University. Agricultural Experiment Station) ;</marc:subfield>
            <marc:subfield code="v">no. 138.</marc:subfield>
        </marc:datafield>
        <marc:datafield tag="930" ind1=" " ind2=" ">
            <marc:subfield code="a">00000000</marc:subfield>
            <marc:subfield code="b">19940225</marc:subfield>
            <marc:subfield code="c">00000000</marc:subfield>
        </marc:datafield>
        <marc:datafield tag="946" ind1=" " ind2=" ">
            <marc:subfield code="a">State experiment station</marc:subfield>
        </marc:datafield>
        <marc:datafield tag="035" ind1=" " ind2=" ">
            <marc:subfield code="a">(Alma)9915431612807426</marc:subfield>
        </marc:datafield>
    </marc:record>