
    <marc:record>
        <marc:leader>01644cas a2200433 a 4500</marc:leader>
        <marc:controlfield tag="001">CAT89899907</marc:controlfield>
        <marc:controlfield tag="005">20221101160218.0</marc:controlfield>
        <marc:controlfield tag="008">890831c19839999fi  x m      f0   a0eng  </marc:controlfield>
        <marc:datafield tag="010" ind1=" " ind2=" ">
            <marc:subfield code="a">sn 89016179 </marc:subfield>
        </marc:datafield>
        <marc:datafield tag="016" ind1="7" ind2=" ">
            <marc:subfield code="a">CAT89899907</marc:subfield>
            <marc:subfield code="2">DNAL</marc:subfield>
        </marc:datafield>
        <marc:datafield tag="022" ind1=" " ind2=" ">
            <marc:subfield code="a">0780-9212</marc:subfield>
            <marc:subfield code="l">0780-9212</marc:subfield>
        </marc:datafield>
        <marc:datafield tag="035" ind1=" " ind2=" ">
            <marc:subfield code="a">435509</marc:subfield>
        </marc:datafield>
        <marc:datafield tag="035" ind1=" " ind2=" ">
            <marc:subfield code="a">(OCoLC)19766034</marc:subfield>
        </marc:datafield>
        <marc:datafield tag="035" ind1=" " ind2=" ">
            <marc:subfield code="a">(DNAL)435509-naldb-Voyager</marc:subfield>
        </marc:datafield>
        <marc:datafield tag="040" ind1=" " ind2=" ">
            <marc:subfield code="a">AGL</marc:subfield>
            <marc:subfield code="b">eng</marc:subfield>
            <marc:subfield code="c">AGL</marc:subfield>
            <marc:subfield code="d">OCLCQ</marc:subfield>
            <marc:subfield code="d">OCLCO</marc:subfield>
            <marc:subfield code="d">OCLCQ</marc:subfield>
            <marc:subfield code="d">OCLCF</marc:subfield>
        </marc:datafield>
        <marc:datafield tag="042" ind1=" " ind2=" ">
            <marc:subfield code="a">pcc</marc:subfield>
        </marc:datafield>
        <marc:datafield tag="043" ind1=" " ind2=" ">
            <marc:subfield code="a">d------</marc:subfield>
        </marc:datafield>
        <marc:datafield tag="049" ind1=" " ind2=" ">
            <marc:subfield code="a">AGLL</marc:subfield>
        </marc:datafield>
        <marc:datafield tag="070" ind1="0" ind2=" ">
            <marc:subfield code="a">HC60.D57</marc:subfield>
        </marc:datafield>
        <marc:datafield tag="072" ind1=" " ind2=" ">
            <marc:subfield code="a">E300</marc:subfield>
        </marc:datafield>
        <marc:datafield tag="210" ind1="0" ind2=" ">
            <marc:subfield code="a">Doc. Minist. Foreign Aff., Fin. Int. Dev. Agency</marc:subfield>
        </marc:datafield>
        <marc:datafield tag="222" ind1=" " ind2="0">
            <marc:subfield code="a">Document of Ministry for Foreign Affairs, Finnish International Development Agency</marc:subfield>
        </marc:datafield>
        <marc:datafield tag="245" ind1="0" ind2="0">
            <marc:subfield code="a">Document of Ministry for Foreign Affairs, Finnish International Development Agency.</marc:subfield>
        </marc:datafield>
        <marc:datafield tag="260" ind1=" " ind2=" ">
            <marc:subfield code="a">Helsinki :</marc:subfield>
            <marc:subfield code="b">The Agency</marc:subfield>
        </marc:datafield>
        <marc:datafield tag="300" ind1=" " ind2=" ">
            <marc:subfield code="a">v. :</marc:subfield>
            <marc:subfield code="b">ill., maps ;</marc:subfield>
            <marc:subfield code="c">28 cm.</marc:subfield>
        </marc:datafield>
        <marc:datafield tag="310" ind1=" " ind2=" ">
            <marc:subfield code="a">Irregular</marc:subfield>
        </marc:datafield>
        <marc:datafield tag="362" ind1="1" ind2=" ">
            <marc:subfield code="a">Began in 1983.</marc:subfield>
        </marc:datafield>
        <marc:datafield tag="588" ind1=" " ind2=" ">
            <marc:subfield code="a">Description based on: Rept. 1983:2; title from cover.</marc:subfield>
        </marc:datafield>
        <marc:datafield tag="591" ind1=" " ind2=" ">
            <marc:subfield code="b">NAL Reclamation</marc:subfield>
        </marc:datafield>
        <marc:datafield tag="650" ind1=" " ind2="0">
            <marc:subfield code="a">Economic assistance, Finnish</marc:subfield>
            <marc:subfield code="z">Developing countries.</marc:subfield>
        </marc:datafield>
        <marc:datafield tag="650" ind1=" " ind2="0">
            <marc:subfield code="a">Technical assistance, Finnish</marc:subfield>
            <marc:subfield code="z">Developing countries.</marc:subfield>
        </marc:datafield>
        <marc:datafield tag="651" ind1=" " ind2="7">
            <marc:subfield code="a">Developing countries.</marc:subfield>
            <marc:subfield code="2">fast</marc:subfield>
            <marc:subfield code="0">(OCoLC)fst01242969</marc:subfield>
        </marc:datafield>
        <marc:datafield tag="710" ind1="1" ind2=" ">
            <marc:subfield code="a">Finland.</marc:subfield>
            <marc:subfield code="b">Ulkoasiainministeriö.</marc:subfield>
            <marc:subfield code="b">Kehitysyhteistyöosasto.</marc:subfield>
            <marc:subfield code="0">http://id.loc.gov/authorities/names/n50072943</marc:subfield>
        </marc:datafield>
        <marc:datafield tag="780" ind1="0" ind2="0">
            <marc:subfield code="t">Document of Ministry for Foreign Affairs, Department for International Development Co-operation</marc:subfield>
            <marc:subfield code="x">0359-291X</marc:subfield>
            <marc:subfield code="w">(DLC)sn 96015316</marc:subfield>
            <marc:subfield code="w">(OCoLC)15720421</marc:subfield>
        </marc:datafield>
        <marc:datafield tag="850" ind1=" " ind2=" ">
            <marc:subfield code="a">DNAL</marc:subfield>
        </marc:datafield>
        <marc:datafield tag="852" ind1=" " ind2=" ">
            <marc:subfield code="a">DNAL</marc:subfield>
            <marc:subfield code="i">HC60.D57</marc:subfield>
        </marc:datafield>
        <marc:datafield tag="930" ind1=" " ind2=" ">
            <marc:subfield code="a">00000000</marc:subfield>
            <marc:subfield code="b">00000000</marc:subfield>
            <marc:subfield code="c">00000000</marc:subfield>
        </marc:datafield>
        <marc:datafield tag="946" ind1=" " ind2=" ">
            <marc:subfield code="a">Non-US</marc:subfield>
        </marc:datafield>
        <marc:datafield tag="035" ind1=" " ind2=" ">
            <marc:subfield code="a">(Alma)9915431485607426</marc:subfield>
        </marc:datafield>
    </marc:record>