
    <marc:record>
        <marc:leader>01639cam a2200373Ia 4500</marc:leader>
        <marc:controlfield tag="001">CAT89907921</marc:controlfield>
        <marc:controlfield tag="005">20221101160230.0</marc:controlfield>
        <marc:controlfield tag="008">890903s1988    njuac        s000 0 eng  </marc:controlfield>
        <marc:datafield tag="016" ind1="7" ind2=" ">
            <marc:subfield code="a">CAT89907921</marc:subfield>
            <marc:subfield code="2">DNAL</marc:subfield>
        </marc:datafield>
        <marc:datafield tag="035" ind1=" " ind2=" ">
            <marc:subfield code="a">435242</marc:subfield>
        </marc:datafield>
        <marc:datafield tag="035" ind1=" " ind2=" ">
            <marc:subfield code="a">(OCoLC)18453093</marc:subfield>
        </marc:datafield>
        <marc:datafield tag="035" ind1=" " ind2=" ">
            <marc:subfield code="a">(DNAL)435242-naldb-Voyager</marc:subfield>
        </marc:datafield>
        <marc:datafield tag="040" ind1=" " ind2=" ">
            <marc:subfield code="a">AGL</marc:subfield>
            <marc:subfield code="b">eng</marc:subfield>
            <marc:subfield code="c">AGL</marc:subfield>
            <marc:subfield code="d">OCLCQ</marc:subfield>
            <marc:subfield code="d">OCLCO</marc:subfield>
            <marc:subfield code="d">OCLCF</marc:subfield>
            <marc:subfield code="d">OCLCQ</marc:subfield>
            <marc:subfield code="d">OCLCA</marc:subfield>
        </marc:datafield>
        <marc:datafield tag="043" ind1=" " ind2=" ">
            <marc:subfield code="a">n-us-nj</marc:subfield>
        </marc:datafield>
        <marc:datafield tag="049" ind1=" " ind2=" ">
            <marc:subfield code="a">AGLL</marc:subfield>
        </marc:datafield>
        <marc:datafield tag="070" ind1="0" ind2=" ">
            <marc:subfield code="a">S541.5.N5M4</marc:subfield>
        </marc:datafield>
        <marc:datafield tag="072" ind1=" " ind2=" ">
            <marc:subfield code="a">A500</marc:subfield>
        </marc:datafield>
        <marc:datafield tag="245" ind1="0" ind2="0">
            <marc:subfield code="a">Meeting New Jersey's economic, environmental, and agricultural challenges :</marc:subfield>
            <marc:subfield code="b">a financial strategy for the New Jersey Agricultural Experiment Station : report of the Committee for the Advancement of Agricultural Research and Technology.</marc:subfield>
        </marc:datafield>
        <marc:datafield tag="260" ind1=" " ind2=" ">
            <marc:subfield code="a">Bridgewater, N.J. :</marc:subfield>
            <marc:subfield code="b">Committee for the Advancement of Agricultural Research and Technology,</marc:subfield>
            <marc:subfield code="c">[1988?]</marc:subfield>
        </marc:datafield>
        <marc:datafield tag="300" ind1=" " ind2=" ">
            <marc:subfield code="a">24 pages :</marc:subfield>
            <marc:subfield code="b">illustrations, portraits ;</marc:subfield>
            <marc:subfield code="c">28 cm</marc:subfield>
        </marc:datafield>
        <marc:datafield tag="336" ind1=" " ind2=" ">
            <marc:subfield code="a">text</marc:subfield>
            <marc:subfield code="b">txt</marc:subfield>
            <marc:subfield code="2">rdacontent</marc:subfield>
        </marc:datafield>
        <marc:datafield tag="337" ind1=" " ind2=" ">
            <marc:subfield code="a">unmediated</marc:subfield>
            <marc:subfield code="b">n</marc:subfield>
            <marc:subfield code="2">rdamedia</marc:subfield>
        </marc:datafield>
        <marc:datafield tag="338" ind1=" " ind2=" ">
            <marc:subfield code="a">volume</marc:subfield>
            <marc:subfield code="b">nc</marc:subfield>
            <marc:subfield code="2">rdacarrier</marc:subfield>
        </marc:datafield>
        <marc:datafield tag="591" ind1=" " ind2=" ">
            <marc:subfield code="b">NAL Reclamation</marc:subfield>
        </marc:datafield>
        <marc:datafield tag="650" ind1=" " ind2="0">
            <marc:subfield code="a">Agriculture</marc:subfield>
            <marc:subfield code="x">Research</marc:subfield>
            <marc:subfield code="z">New Jersey.</marc:subfield>
        </marc:datafield>
        <marc:datafield tag="650" ind1=" " ind2="0">
            <marc:subfield code="a">Agriculture</marc:subfield>
            <marc:subfield code="x">Economic aspects</marc:subfield>
            <marc:subfield code="z">New Jersey.</marc:subfield>
        </marc:datafield>
        <marc:datafield tag="650" ind1=" " ind2="0">
            <marc:subfield code="a">Agricultural innovations</marc:subfield>
            <marc:subfield code="z">New Jersey.</marc:subfield>
        </marc:datafield>
        <marc:datafield tag="650" ind1=" " ind2="0">
            <marc:subfield code="a">Agricultural ecology</marc:subfield>
            <marc:subfield code="z">New Jersey.</marc:subfield>
        </marc:datafield>
        <marc:datafield tag="651" ind1=" " ind2="7">
            <marc:subfield code="a">New Jersey.</marc:subfield>
            <marc:subfield code="2">fast</marc:subfield>
            <marc:subfield code="0">(OCoLC)fst01208379</marc:subfield>
        </marc:datafield>
        <marc:datafield tag="710" ind1="2" ind2=" ">
            <marc:subfield code="a">New Jersey Agricultural Experiment Station.</marc:subfield>
            <marc:subfield code="b">Committee for the Advancement of Agricultural Research and Technology.</marc:subfield>
            <marc:subfield code="0">http://id.loc.gov/authorities/names/n89625274</marc:subfield>
        </marc:datafield>
        <marc:datafield tag="852" ind1=" " ind2=" ">
            <marc:subfield code="a">DNAL</marc:subfield>
            <marc:subfield code="i">S541.5.N5M4</marc:subfield>
        </marc:datafield>
        <marc:datafield tag="930" ind1="0" ind2="1">
            <marc:subfield code="a">00000000</marc:subfield>
            <marc:subfield code="b">00000000</marc:subfield>
            <marc:subfield code="c">19890606</marc:subfield>
            <marc:subfield code="e">1 890606</marc:subfield>
            <marc:subfield code="f">0 890606</marc:subfield>
            <marc:subfield code="s">1 890807</marc:subfield>
        </marc:datafield>
        <marc:datafield tag="946" ind1=" " ind2=" ">
            <marc:subfield code="a">State experiment station</marc:subfield>
        </marc:datafield>
        <marc:datafield tag="035" ind1=" " ind2=" ">
            <marc:subfield code="a">(Alma)9915431479407426</marc:subfield>
        </marc:datafield>
    </marc:record>