
    <marc:record>
        <marc:leader>02796cam a22005291i 4500</marc:leader>
        <marc:controlfield tag="001">CAT11034612</marc:controlfield>
        <marc:controlfield tag="005">20221101160134.0</marc:controlfield>
        <marc:controlfield tag="008">890530s1959    vaua     b    000 0 eng  </marc:controlfield>
        <marc:datafield tag="010" ind1=" " ind2=" ">
            <marc:subfield code="a">   60062950 </marc:subfield>
        </marc:datafield>
        <marc:datafield tag="016" ind1="7" ind2=" ">
            <marc:subfield code="a">CAT11034612</marc:subfield>
            <marc:subfield code="2">DNAL</marc:subfield>
        </marc:datafield>
        <marc:datafield tag="016" ind1="7" ind2=" ">
            <marc:subfield code="a">57620480R</marc:subfield>
            <marc:subfield code="2">DNLM</marc:subfield>
        </marc:datafield>
        <marc:datafield tag="016" ind1="7" ind2=" ">
            <marc:subfield code="a">005358866</marc:subfield>
            <marc:subfield code="2">Uk</marc:subfield>
        </marc:datafield>
        <marc:datafield tag="016" ind1=" " ind2=" ">
            <marc:subfield code="a">(AMICUS)000006203457</marc:subfield>
        </marc:datafield>
        <marc:datafield tag="016" ind1="7" ind2=" ">
            <marc:subfield code="a">010887764</marc:subfield>
            <marc:subfield code="2">Uk</marc:subfield>
        </marc:datafield>
        <marc:datafield tag="024" ind1="8" ind2=" ">
            <marc:subfield code="a">x281079802</marc:subfield>
        </marc:datafield>
        <marc:datafield tag="035" ind1=" " ind2=" ">
            <marc:subfield code="a">435569</marc:subfield>
        </marc:datafield>
        <marc:datafield tag="035" ind1=" " ind2=" ">
            <marc:subfield code="a">(OCoLC)01579168</marc:subfield>
            <marc:subfield code="z">(OCoLC)248095836</marc:subfield>
            <marc:subfield code="z">(OCoLC)279779574</marc:subfield>
            <marc:subfield code="z">(OCoLC)498791479</marc:subfield>
            <marc:subfield code="z">(OCoLC)966388206</marc:subfield>
            <marc:subfield code="z">(OCoLC)1032987518</marc:subfield>
            <marc:subfield code="z">(OCoLC)1152733929</marc:subfield>
            <marc:subfield code="z">(OCoLC)1166052585</marc:subfield>
            <marc:subfield code="z">(OCoLC)1167121140</marc:subfield>
            <marc:subfield code="z">(OCoLC)1170649831</marc:subfield>
            <marc:subfield code="z">(OCoLC)1229251771</marc:subfield>
            <marc:subfield code="z">(OCoLC)1255836251</marc:subfield>
            <marc:subfield code="z">(OCoLC)1275860963</marc:subfield>
        </marc:datafield>
        <marc:datafield tag="035" ind1=" " ind2=" ">
            <marc:subfield code="a">(DNAL)435569-naldb-Voyager</marc:subfield>
        </marc:datafield>
        <marc:datafield tag="035" ind1=" " ind2=" ">
            <marc:subfield code="z">(OCoLC)248095836</marc:subfield>
            <marc:subfield code="z">(OCoLC)279779574</marc:subfield>
            <marc:subfield code="z">(OCoLC)498791479</marc:subfield>
            <marc:subfield code="z">(OCoLC)966388206</marc:subfield>
            <marc:subfield code="z">(OCoLC)1032987518</marc:subfield>
            <marc:subfield code="z">(OCoLC)1152733929</marc:subfield>
            <marc:subfield code="z">(OCoLC)1166052585</marc:subfield>
            <marc:subfield code="z">(OCoLC)1167121140</marc:subfield>
            <marc:subfield code="z">(OCoLC)1170649831</marc:subfield>
            <marc:subfield code="z">(OCoLC)1229251771</marc:subfield>
            <marc:subfield code="z">(OCoLC)1255836251</marc:subfield>
            <marc:subfield code="z">(OCoLC)1275860963</marc:subfield>
        </marc:datafield>
        <marc:datafield tag="040" ind1=" " ind2=" ">
            <marc:subfield code="a">NLM</marc:subfield>
            <marc:subfield code="b">eng</marc:subfield>
            <marc:subfield code="c">NLM</marc:subfield>
            <marc:subfield code="d">WRJ</marc:subfield>
            <marc:subfield code="d">DLC</marc:subfield>
            <marc:subfield code="d">OCLCQ</marc:subfield>
            <marc:subfield code="d">AGL</marc:subfield>
            <marc:subfield code="d">BTCTA</marc:subfield>
            <marc:subfield code="d">YBM</marc:subfield>
            <marc:subfield code="d">IOQ</marc:subfield>
            <marc:subfield code="d">OCLCQ</marc:subfield>
            <marc:subfield code="d">UZ0</marc:subfield>
            <marc:subfield code="d">UKMGB</marc:subfield>
            <marc:subfield code="d">ISU</marc:subfield>
            <marc:subfield code="d">OCLCQ</marc:subfield>
            <marc:subfield code="d">VAMVE</marc:subfield>
            <marc:subfield code="d">WAU</marc:subfield>
            <marc:subfield code="d">OCLCF</marc:subfield>
            <marc:subfield code="d">OCLCQ</marc:subfield>
            <marc:subfield code="d">NLC</marc:subfield>
            <marc:subfield code="d">OCLCQ</marc:subfield>
            <marc:subfield code="d">QE2</marc:subfield>
            <marc:subfield code="d">EUX</marc:subfield>
            <marc:subfield code="d">OCLCQ</marc:subfield>
            <marc:subfield code="d">LUN</marc:subfield>
        </marc:datafield>
        <marc:datafield tag="049" ind1=" " ind2=" ">
            <marc:subfield code="a">RQIB</marc:subfield>
        </marc:datafield>
        <marc:datafield tag="070" ind1="0" ind2=" ">
            <marc:subfield code="a">302</marc:subfield>
            <marc:subfield code="b">B27</marc:subfield>
        </marc:datafield>
        <marc:datafield tag="072" ind1=" " ind2=" ">
            <marc:subfield code="a">K530</marc:subfield>
        </marc:datafield>
        <marc:datafield tag="072" ind1=" " ind2=" ">
            <marc:subfield code="a">F850</marc:subfield>
        </marc:datafield>
        <marc:datafield tag="072" ind1=" " ind2=" ">
            <marc:subfield code="a">X200</marc:subfield>
        </marc:datafield>
        <marc:datafield tag="100" ind1="1" ind2=" ">
            <marc:subfield code="a">Barrow, W. J.</marc:subfield>
            <marc:subfield code="q">(William James),</marc:subfield>
            <marc:subfield code="d">1904-1967.</marc:subfield>
            <marc:subfield code="0">http://id.loc.gov/authorities/names/n85215914</marc:subfield>
        </marc:datafield>
        <marc:datafield tag="245" ind1="1" ind2="0">
            <marc:subfield code="a">Deterioration of book stock :</marc:subfield>
            <marc:subfield code="b">causes and remedies : two studies on the permanence of book paper /</marc:subfield>
            <marc:subfield code="c">conducted by W.J. Barrow ; ed. by Randolph W. Church.</marc:subfield>
        </marc:datafield>
        <marc:datafield tag="260" ind1=" " ind2=" ">
            <marc:subfield code="a">Richmond :</marc:subfield>
            <marc:subfield code="b">Virginia State Library,</marc:subfield>
            <marc:subfield code="c">1959.</marc:subfield>
        </marc:datafield>
        <marc:datafield tag="300" ind1=" " ind2=" ">
            <marc:subfield code="a">70 pages :</marc:subfield>
            <marc:subfield code="b">illustrations ;</marc:subfield>
            <marc:subfield code="c">24 cm.</marc:subfield>
        </marc:datafield>
        <marc:datafield tag="336" ind1=" " ind2=" ">
            <marc:subfield code="a">text</marc:subfield>
            <marc:subfield code="b">txt</marc:subfield>
            <marc:subfield code="2">rdacontent</marc:subfield>
        </marc:datafield>
        <marc:datafield tag="337" ind1=" " ind2=" ">
            <marc:subfield code="a">unmediated</marc:subfield>
            <marc:subfield code="b">n</marc:subfield>
            <marc:subfield code="2">rdamedia</marc:subfield>
        </marc:datafield>
        <marc:datafield tag="338" ind1=" " ind2=" ">
            <marc:subfield code="a">volume</marc:subfield>
            <marc:subfield code="b">nc</marc:subfield>
            <marc:subfield code="2">rdacarrier</marc:subfield>
        </marc:datafield>
        <marc:datafield tag="490" ind1="1" ind2=" ">
            <marc:subfield code="a">Virginia State Library publications ;</marc:subfield>
            <marc:subfield code="v">no. 10</marc:subfield>
        </marc:datafield>
        <marc:datafield tag="505" ind1="0" ind2=" ">
            <marc:subfield code="a">Introduction -- Physical strength of non-fiction book papers, 1900-1949, Study 1 -- Tables, figure and lists for Study 1 -- Stabilization of modern book papers, Study 2 -- Tables and figures for Study 2 -- Work in progress.</marc:subfield>
        </marc:datafield>
        <marc:datafield tag="504" ind1=" " ind2=" ">
            <marc:subfield code="a">Includes bibliographical references (pages 69-70).</marc:subfield>
        </marc:datafield>
        <marc:datafield tag="540" ind1=" " ind2=" ">
            <marc:subfield code="a">Current Copyright Fee: GBP22.50</marc:subfield>
            <marc:subfield code="c">0.</marc:subfield>
            <marc:subfield code="5">Uk</marc:subfield>
        </marc:datafield>
        <marc:datafield tag="591" ind1=" " ind2=" ">
            <marc:subfield code="b">NAL Reclamation</marc:subfield>
        </marc:datafield>
        <marc:datafield tag="650" ind1=" " ind2="0">
            <marc:subfield code="a">Paper</marc:subfield>
            <marc:subfield code="x">Deterioration.</marc:subfield>
            <marc:subfield code="0">http://id.loc.gov/authorities/subjects/sh85097579</marc:subfield>
        </marc:datafield>
        <marc:datafield tag="650" ind1=" " ind2="0">
            <marc:subfield code="a">Paper</marc:subfield>
            <marc:subfield code="x">Testing.</marc:subfield>
            <marc:subfield code="0">http://id.loc.gov/authorities/subjects/sh85097590</marc:subfield>
        </marc:datafield>
        <marc:datafield tag="650" ind1=" " ind2="2">
            <marc:subfield code="a">Paper.</marc:subfield>
        </marc:datafield>
        <marc:datafield tag="700" ind1="1" ind2=" ">
            <marc:subfield code="a">Church, Randolph W.</marc:subfield>
            <marc:subfield code="q">(Randolph Warner),</marc:subfield>
            <marc:subfield code="d">1907-</marc:subfield>
            <marc:subfield code="0">http://id.loc.gov/authorities/names/n82221674</marc:subfield>
        </marc:datafield>
        <marc:datafield tag="776" ind1="0" ind2="8">
            <marc:subfield code="i">Online version:</marc:subfield>
            <marc:subfield code="a">Barrow, W.J. (William J.).</marc:subfield>
            <marc:subfield code="t">Deterioration of book stock.</marc:subfield>
            <marc:subfield code="d">Richmond, Virginia State Library, 1959</marc:subfield>
            <marc:subfield code="w">(OCoLC)567943920</marc:subfield>
        </marc:datafield>
        <marc:datafield tag="830" ind1=" " ind2="0">
            <marc:subfield code="a">Virginia State Library publications ;</marc:subfield>
            <marc:subfield code="v">no. 10.</marc:subfield>
        </marc:datafield>
        <marc:datafield tag="911" ind1=" " ind2=" ">
            <marc:subfield code="i">chl00134775</marc:subfield>
        </marc:datafield>
        <marc:datafield tag="930" ind1=" " ind2=" ">
            <marc:subfield code="a">00000000</marc:subfield>
            <marc:subfield code="b">00000000</marc:subfield>
            <marc:subfield code="c">00000000</marc:subfield>
        </marc:datafield>
        <marc:datafield tag="946" ind1=" " ind2=" ">
            <marc:subfield code="a">Other US</marc:subfield>
        </marc:datafield>
        <marc:datafield tag="035" ind1=" " ind2=" ">
            <marc:subfield code="a">(Alma)9915431462807426</marc:subfield>
        </marc:datafield>
    </marc:record>