
    <marc:record>
        <marc:leader>03211cam a2200589Ia 4500</marc:leader>
        <marc:controlfield tag="001">CAT11015366</marc:controlfield>
        <marc:controlfield tag="005">20221101155647.0</marc:controlfield>
        <marc:controlfield tag="008">801015s1876    dcuabf       f001 0 eng  </marc:controlfield>
        <marc:datafield tag="010" ind1=" " ind2=" ">
            <marc:subfield code="a">rc 01001038 </marc:subfield>
        </marc:datafield>
        <marc:datafield tag="016" ind1="7" ind2=" ">
            <marc:subfield code="a">CAT11015366</marc:subfield>
            <marc:subfield code="2">DNAL</marc:subfield>
        </marc:datafield>
        <marc:datafield tag="035" ind1=" " ind2=" ">
            <marc:subfield code="a">575958</marc:subfield>
        </marc:datafield>
        <marc:datafield tag="035" ind1=" " ind2=" ">
            <marc:subfield code="a">(OCoLC)00732692</marc:subfield>
            <marc:subfield code="z">(OCoLC)1027069995</marc:subfield>
            <marc:subfield code="z">(OCoLC)1109142182</marc:subfield>
        </marc:datafield>
        <marc:datafield tag="035" ind1=" " ind2=" ">
            <marc:subfield code="a">(DNAL)575958-naldb-Voyager</marc:subfield>
        </marc:datafield>
        <marc:datafield tag="035" ind1=" " ind2=" ">
            <marc:subfield code="z">(OCoLC)1027069995</marc:subfield>
            <marc:subfield code="z">(OCoLC)1109142182</marc:subfield>
        </marc:datafield>
        <marc:datafield tag="040" ind1=" " ind2=" ">
            <marc:subfield code="a">DLC</marc:subfield>
            <marc:subfield code="b">eng</marc:subfield>
            <marc:subfield code="c">DNU</marc:subfield>
            <marc:subfield code="d">OCL</marc:subfield>
            <marc:subfield code="d">WEA</marc:subfield>
            <marc:subfield code="d">VIC</marc:subfield>
            <marc:subfield code="d">OCLCQ</marc:subfield>
            <marc:subfield code="d">AGL</marc:subfield>
            <marc:subfield code="d">COO</marc:subfield>
            <marc:subfield code="d">OCLCG</marc:subfield>
            <marc:subfield code="d">KRTAS</marc:subfield>
            <marc:subfield code="d">OCLCQ</marc:subfield>
            <marc:subfield code="d">MIGCL</marc:subfield>
            <marc:subfield code="d">OCLCO</marc:subfield>
            <marc:subfield code="d">OCLCA</marc:subfield>
            <marc:subfield code="d">OCLCQ</marc:subfield>
            <marc:subfield code="d">NJR</marc:subfield>
            <marc:subfield code="d">OCLCQ</marc:subfield>
            <marc:subfield code="d">OCLCF</marc:subfield>
            <marc:subfield code="d">BOH</marc:subfield>
            <marc:subfield code="d">OCLCA</marc:subfield>
            <marc:subfield code="d">ANS</marc:subfield>
            <marc:subfield code="d">PAU</marc:subfield>
            <marc:subfield code="d">E8W</marc:subfield>
            <marc:subfield code="d">UMK</marc:subfield>
            <marc:subfield code="d">OCLCQ</marc:subfield>
            <marc:subfield code="d">OCLCA</marc:subfield>
        </marc:datafield>
        <marc:datafield tag="043" ind1=" " ind2=" ">
            <marc:subfield code="a">n-us-mt</marc:subfield>
        </marc:datafield>
        <marc:datafield tag="049" ind1=" " ind2=" ">
            <marc:subfield code="a">RQIB</marc:subfield>
        </marc:datafield>
        <marc:datafield tag="070" ind1="0" ind2=" ">
            <marc:subfield code="a">407</marc:subfield>
            <marc:subfield code="b">L96Re</marc:subfield>
        </marc:datafield>
        <marc:datafield tag="072" ind1=" " ind2=" ">
            <marc:subfield code="a">X400</marc:subfield>
        </marc:datafield>
        <marc:datafield tag="072" ind1=" " ind2=" ">
            <marc:subfield code="a">L000</marc:subfield>
        </marc:datafield>
        <marc:datafield tag="086" ind1="0" ind2=" ">
            <marc:subfield code="a">W 7.5:L 96/2</marc:subfield>
        </marc:datafield>
        <marc:datafield tag="086" ind1="0" ind2=" ">
            <marc:subfield code="a">W y.2:L 96/2</marc:subfield>
        </marc:datafield>
        <marc:datafield tag="110" ind1="1" ind2=" ">
            <marc:subfield code="a">United States.</marc:subfield>
            <marc:subfield code="b">Army.</marc:subfield>
            <marc:subfield code="b">Corps of Engineers.</marc:subfield>
        </marc:datafield>
        <marc:datafield tag="245" ind1="1" ind2="0">
            <marc:subfield code="a">Report of a reconnaissance from Carroll, Montana Territory, on the upper Missouri, to the Yellowstone National Park, and return, made in the summer of 1875 /</marc:subfield>
            <marc:subfield code="c">by William Ludlow, captain of engineers, brevet lieutenant-colonel, U.S. Army, Chief Engineer Department of Dakota.</marc:subfield>
        </marc:datafield>
        <marc:datafield tag="260" ind1=" " ind2=" ">
            <marc:subfield code="a">Washington :</marc:subfield>
            <marc:subfield code="b">Government Printing Office,</marc:subfield>
            <marc:subfield code="c">1876.</marc:subfield>
        </marc:datafield>
        <marc:datafield tag="300" ind1=" " ind2=" ">
            <marc:subfield code="a">155 pages, [5] leaves leaves of plates ([3] folded) :</marc:subfield>
            <marc:subfield code="b">illustrations, maps ;</marc:subfield>
            <marc:subfield code="c">31 cm</marc:subfield>
        </marc:datafield>
        <marc:datafield tag="336" ind1=" " ind2=" ">
            <marc:subfield code="a">text</marc:subfield>
            <marc:subfield code="b">txt</marc:subfield>
            <marc:subfield code="2">rdacontent</marc:subfield>
        </marc:datafield>
        <marc:datafield tag="337" ind1=" " ind2=" ">
            <marc:subfield code="a">unmediated</marc:subfield>
            <marc:subfield code="b">n</marc:subfield>
            <marc:subfield code="2">rdamedia</marc:subfield>
        </marc:datafield>
        <marc:datafield tag="338" ind1=" " ind2=" ">
            <marc:subfield code="a">volume</marc:subfield>
            <marc:subfield code="b">nc</marc:subfield>
            <marc:subfield code="2">rdacarrier</marc:subfield>
        </marc:datafield>
        <marc:datafield tag="510" ind1="4" ind2=" ">
            <marc:subfield code="a">Howes, W.U.S.iana, 1650-1950 (1962 edition),</marc:subfield>
            <marc:subfield code="c">L557</marc:subfield>
        </marc:datafield>
        <marc:datafield tag="583" ind1="1" ind2=" ">
            <marc:subfield code="a">committed to retain</marc:subfield>
            <marc:subfield code="c">20170930</marc:subfield>
            <marc:subfield code="d">20421231</marc:subfield>
            <marc:subfield code="f">HathiTrust</marc:subfield>
            <marc:subfield code="u">https://www.hathitrust.org/shared_print_program</marc:subfield>
            <marc:subfield code="5">PU</marc:subfield>
        </marc:datafield>
        <marc:datafield tag="505" ind1="0" ind2=" ">
            <marc:subfield code="a">General report, by W. Ludlow. -- Trip to the Judith Basin; trip from Carroll to Ellis via Yellowstone River, by R.E. Thompson. -- Zoological report, by G.B. Grinnell. -- Geological report, by E.S. Dana and G.B. Grinnell. -- Description of new fossils, by R.P. Whitfield.</marc:subfield>
        </marc:datafield>
        <marc:datafield tag="591" ind1=" " ind2=" ">
            <marc:subfield code="b">NAL Reclamation</marc:subfield>
        </marc:datafield>
        <marc:datafield tag="650" ind1=" " ind2="0">
            <marc:subfield code="a">Zoology</marc:subfield>
            <marc:subfield code="z">Montana.</marc:subfield>
        </marc:datafield>
        <marc:datafield tag="650" ind1=" " ind2="0">
            <marc:subfield code="a">Geology</marc:subfield>
            <marc:subfield code="z">Montana.</marc:subfield>
            <marc:subfield code="0">http://id.loc.gov/authorities/subjects/sh87003098</marc:subfield>
        </marc:datafield>
        <marc:datafield tag="650" ind1=" " ind2="0">
            <marc:subfield code="a">Paleontology</marc:subfield>
            <marc:subfield code="z">Montana.</marc:subfield>
        </marc:datafield>
        <marc:datafield tag="651" ind1=" " ind2="0">
            <marc:subfield code="a">Yellowstone National Park.</marc:subfield>
            <marc:subfield code="0">http://id.loc.gov/authorities/subjects/sh91004695</marc:subfield>
        </marc:datafield>
        <marc:datafield tag="651" ind1=" " ind2="0">
            <marc:subfield code="a">Montana</marc:subfield>
            <marc:subfield code="x">Description and travel.</marc:subfield>
            <marc:subfield code="0">http://id.loc.gov/authorities/subjects/sh85087016</marc:subfield>
        </marc:datafield>
        <marc:datafield tag="651" ind1=" " ind2="0">
            <marc:subfield code="a">United States</marc:subfield>
            <marc:subfield code="x">Discovery and exploration.</marc:subfield>
        </marc:datafield>
        <marc:datafield tag="651" ind1=" " ind2="7">
            <marc:subfield code="a">Montana.</marc:subfield>
            <marc:subfield code="2">fast</marc:subfield>
            <marc:subfield code="0">(OCoLC)fst01207555</marc:subfield>
        </marc:datafield>
        <marc:datafield tag="651" ind1=" " ind2="7">
            <marc:subfield code="a">United States.</marc:subfield>
            <marc:subfield code="2">fast</marc:subfield>
            <marc:subfield code="0">(OCoLC)fst01204155</marc:subfield>
        </marc:datafield>
        <marc:datafield tag="651" ind1=" " ind2="7">
            <marc:subfield code="a">United States</marc:subfield>
            <marc:subfield code="z">Yellowstone National Park.</marc:subfield>
            <marc:subfield code="2">fast</marc:subfield>
            <marc:subfield code="0">(OCoLC)fst01285604</marc:subfield>
        </marc:datafield>
        <marc:datafield tag="655" ind1=" " ind2="0">
            <marc:subfield code="a">Government publications</marc:subfield>
        </marc:datafield>
        <marc:datafield tag="700" ind1="1" ind2=" ">
            <marc:subfield code="a">Ludlow, William,</marc:subfield>
            <marc:subfield code="d">1843-1901.</marc:subfield>
        </marc:datafield>
        <marc:datafield tag="710" ind1="1" ind2=" ">
            <marc:subfield code="a">United States.</marc:subfield>
            <marc:subfield code="b">War Department.</marc:subfield>
        </marc:datafield>
        <marc:datafield tag="710" ind1="1" ind2=" ">
            <marc:subfield code="a">United States.</marc:subfield>
            <marc:subfield code="b">Army.</marc:subfield>
            <marc:subfield code="b">Office of the Chief of Engineers.</marc:subfield>
            <marc:subfield code="0">http://id.loc.gov/authorities/names/n87851187</marc:subfield>
        </marc:datafield>
        <marc:datafield tag="752" ind1=" " ind2=" ">
            <marc:subfield code="a">United States</marc:subfield>
            <marc:subfield code="b">District of Columbia</marc:subfield>
            <marc:subfield code="d">Washington.</marc:subfield>
        </marc:datafield>
        <marc:datafield tag="776" ind1="0" ind2="8">
            <marc:subfield code="i">Online version:</marc:subfield>
            <marc:subfield code="a">United States. Army. Corps of Engineers.</marc:subfield>
            <marc:subfield code="t">Report of a reconnaissance from Carroll, Montana Territory, on the upper Missouri, to the Yellowstone National Park, and return, made in the summer of 1875.</marc:subfield>
            <marc:subfield code="d">Washington, D.C. : G.P.O., 1876</marc:subfield>
            <marc:subfield code="w">(OCoLC)655276129</marc:subfield>
        </marc:datafield>
        <marc:datafield tag="911" ind1=" " ind2=" ">
            <marc:subfield code="i">chl00165703</marc:subfield>
        </marc:datafield>
        <marc:datafield tag="930" ind1=" " ind2=" ">
            <marc:subfield code="a">00000000</marc:subfield>
            <marc:subfield code="b">00000000</marc:subfield>
            <marc:subfield code="c">00000000</marc:subfield>
        </marc:datafield>
        <marc:datafield tag="946" ind1=" " ind2=" ">
            <marc:subfield code="a">Other US</marc:subfield>
        </marc:datafield>
        <marc:datafield tag="035" ind1=" " ind2=" ">
            <marc:subfield code="a">(Alma)9915431237207426</marc:subfield>
        </marc:datafield>
    </marc:record>