
    <marc:record>
        <marc:leader>01820cam a2200409Ia 4500</marc:leader>
        <marc:controlfield tag="001">CAT11030620</marc:controlfield>
        <marc:controlfield tag="005">20221102153328.0</marc:controlfield>
        <marc:controlfield tag="008">950622s1950    ru ab    b    000 0 rus d</marc:controlfield>
        <marc:datafield tag="016" ind1="7" ind2=" ">
            <marc:subfield code="a">CAT11030620</marc:subfield>
            <marc:subfield code="2">DNAL</marc:subfield>
        </marc:datafield>
        <marc:datafield tag="035" ind1=" " ind2=" ">
            <marc:subfield code="a">757082</marc:subfield>
        </marc:datafield>
        <marc:datafield tag="035" ind1=" " ind2=" ">
            <marc:subfield code="a">(OCoLC)46699397</marc:subfield>
        </marc:datafield>
        <marc:datafield tag="035" ind1=" " ind2=" ">
            <marc:subfield code="a">(DNAL)757082-naldb-Voyager</marc:subfield>
        </marc:datafield>
        <marc:datafield tag="040" ind1=" " ind2=" ">
            <marc:subfield code="a">VXG</marc:subfield>
            <marc:subfield code="b">eng</marc:subfield>
            <marc:subfield code="c">VXG</marc:subfield>
            <marc:subfield code="d">OCLCQ</marc:subfield>
            <marc:subfield code="d">AGL</marc:subfield>
            <marc:subfield code="d">OCLCF</marc:subfield>
            <marc:subfield code="d">OCLCQ</marc:subfield>
            <marc:subfield code="d">OCLCO</marc:subfield>
            <marc:subfield code="d">OCLCA</marc:subfield>
            <marc:subfield code="d">OCLCQ</marc:subfield>
        </marc:datafield>
        <marc:datafield tag="043" ind1=" " ind2=" ">
            <marc:subfield code="a">e-ru---</marc:subfield>
        </marc:datafield>
        <marc:datafield tag="049" ind1=" " ind2=" ">
            <marc:subfield code="a">RQIB</marc:subfield>
        </marc:datafield>
        <marc:datafield tag="066" ind1=" " ind2=" ">
            <marc:subfield code="c">(N</marc:subfield>
        </marc:datafield>
        <marc:datafield tag="070" ind1="0" ind2=" ">
            <marc:subfield code="a">459.2</marc:subfield>
            <marc:subfield code="b">So14</marc:subfield>
        </marc:datafield>
        <marc:datafield tag="072" ind1=" " ind2=" ">
            <marc:subfield code="a">F700</marc:subfield>
        </marc:datafield>
        <marc:datafield tag="100" ind1="1" ind2=" ">
            <marc:subfield code="a">Sobolevskai︠a︡, K. A.</marc:subfield>
            <marc:subfield code="q">(Kira Arkadʹevna)</marc:subfield>
        </marc:datafield>
        <marc:datafield tag="245" ind1="1" ind2="0">
            <marc:subfield code="6">880-01</marc:subfield>
            <marc:subfield code="a">Rastitelʹnostʹ Tuvy /</marc:subfield>
            <marc:subfield code="c">K.A. Sobolevskai︠a︡ ; otvestvennyĭ redaktor V.V. Reverdatto.</marc:subfield>
        </marc:datafield>
        <marc:datafield tag="880" ind1="1" ind2="0">
            <marc:subfield code="6">245-01/(N</marc:subfield>
            <marc:subfield code="a">Растительность Тувы /</marc:subfield>
            <marc:subfield code="c">К.А. Соболевская ; отвественный редактор В.В. Ревердатто.</marc:subfield>
        </marc:datafield>
        <marc:datafield tag="260" ind1=" " ind2=" ">
            <marc:subfield code="6">880-02</marc:subfield>
            <marc:subfield code="a">Novosibirsk :</marc:subfield>
            <marc:subfield code="b">Akademii︠a︡ nauk Soi︠u︡za SSR, Zapadno-Sibirskiĭ filial, Mediko-biologicheskiĭ Institut,</marc:subfield>
            <marc:subfield code="c">1950.</marc:subfield>
        </marc:datafield>
        <marc:datafield tag="880" ind1=" " ind2=" ">
            <marc:subfield code="6">260-02/(N</marc:subfield>
            <marc:subfield code="a">Новосибирск :</marc:subfield>
            <marc:subfield code="b">Академия наук Союза ССР, Западно-Сибирский филиал, Медико-биологический Институт,</marc:subfield>
            <marc:subfield code="c">1950.</marc:subfield>
        </marc:datafield>
        <marc:datafield tag="300" ind1=" " ind2=" ">
            <marc:subfield code="a">139 pages :</marc:subfield>
            <marc:subfield code="b">illustrations, maps ;</marc:subfield>
            <marc:subfield code="c">25 cm</marc:subfield>
        </marc:datafield>
        <marc:datafield tag="336" ind1=" " ind2=" ">
            <marc:subfield code="a">text</marc:subfield>
            <marc:subfield code="b">txt</marc:subfield>
            <marc:subfield code="2">rdacontent</marc:subfield>
        </marc:datafield>
        <marc:datafield tag="337" ind1=" " ind2=" ">
            <marc:subfield code="a">unmediated</marc:subfield>
            <marc:subfield code="b">n</marc:subfield>
            <marc:subfield code="2">rdamedia</marc:subfield>
        </marc:datafield>
        <marc:datafield tag="338" ind1=" " ind2=" ">
            <marc:subfield code="a">volume</marc:subfield>
            <marc:subfield code="b">nc</marc:subfield>
            <marc:subfield code="2">rdacarrier</marc:subfield>
        </marc:datafield>
        <marc:datafield tag="504" ind1=" " ind2=" ">
            <marc:subfield code="a">Includes bibliographical references (pages 135-139).</marc:subfield>
        </marc:datafield>
        <marc:datafield tag="588" ind1=" " ind2=" ">
            <marc:subfield code="a">Non-Latin script generated programmatically.</marc:subfield>
        </marc:datafield>
        <marc:datafield tag="591" ind1=" " ind2=" ">
            <marc:subfield code="b">NAL Reclamation</marc:subfield>
        </marc:datafield>
        <marc:datafield tag="650" ind1=" " ind2="0">
            <marc:subfield code="a">Botany</marc:subfield>
            <marc:subfield code="z">Russia (Federation)</marc:subfield>
            <marc:subfield code="z">Tuva.</marc:subfield>
        </marc:datafield>
        <marc:datafield tag="651" ind1=" " ind2="7">
            <marc:subfield code="a">Russia (Federation)</marc:subfield>
            <marc:subfield code="z">Tuva.</marc:subfield>
            <marc:subfield code="2">fast</marc:subfield>
            <marc:subfield code="0">(OCoLC)fst01262844</marc:subfield>
        </marc:datafield>
        <marc:datafield tag="700" ind1="1" ind2=" ">
            <marc:subfield code="a">Revedatto, V. V.</marc:subfield>
            <marc:subfield code="q">(Viktor Vladimirovich),</marc:subfield>
            <marc:subfield code="d">1891-1969.</marc:subfield>
        </marc:datafield>
        <marc:datafield tag="911" ind1=" " ind2=" ">
            <marc:subfield code="i">chl00189630</marc:subfield>
        </marc:datafield>
        <marc:datafield tag="930" ind1=" " ind2=" ">
            <marc:subfield code="a">00000000</marc:subfield>
            <marc:subfield code="b">00000000</marc:subfield>
            <marc:subfield code="c">00000000</marc:subfield>
        </marc:datafield>
        <marc:datafield tag="946" ind1=" " ind2=" ">
            <marc:subfield code="a">Non-US</marc:subfield>
        </marc:datafield>
        <marc:datafield tag="035" ind1=" " ind2=" ">
            <marc:subfield code="a">(Alma)9915527728807426</marc:subfield>
        </marc:datafield>
    </marc:record>