
    <marc:record>
        <marc:leader>01659cam a2200445Mi 4500</marc:leader>
        <marc:controlfield tag="001">CAT11030697</marc:controlfield>
        <marc:controlfield tag="005">20221102153319.0</marc:controlfield>
        <marc:controlfield tag="008">950622s1965    ru            000 0 rus d</marc:controlfield>
        <marc:datafield tag="016" ind1="7" ind2=" ">
            <marc:subfield code="a">CAT11030697</marc:subfield>
            <marc:subfield code="2">DNAL</marc:subfield>
        </marc:datafield>
        <marc:datafield tag="035" ind1=" " ind2=" ">
            <marc:subfield code="a">757137</marc:subfield>
        </marc:datafield>
        <marc:datafield tag="035" ind1=" " ind2=" ">
            <marc:subfield code="a">(OCoLC)71116927</marc:subfield>
        </marc:datafield>
        <marc:datafield tag="035" ind1=" " ind2=" ">
            <marc:subfield code="a">(DNAL)757137-naldb-Voyager</marc:subfield>
        </marc:datafield>
        <marc:datafield tag="040" ind1=" " ind2=" ">
            <marc:subfield code="a">AGL</marc:subfield>
            <marc:subfield code="b">eng</marc:subfield>
            <marc:subfield code="c">AGL</marc:subfield>
            <marc:subfield code="d">OCLCO</marc:subfield>
            <marc:subfield code="d">OCLCQ</marc:subfield>
            <marc:subfield code="d">OCLCF</marc:subfield>
            <marc:subfield code="d">OCLCQ</marc:subfield>
        </marc:datafield>
        <marc:datafield tag="043" ind1=" " ind2=" ">
            <marc:subfield code="a">e-ur---</marc:subfield>
        </marc:datafield>
        <marc:datafield tag="049" ind1=" " ind2=" ">
            <marc:subfield code="a">RQIB</marc:subfield>
        </marc:datafield>
        <marc:datafield tag="066" ind1=" " ind2=" ">
            <marc:subfield code="c">(N</marc:subfield>
        </marc:datafield>
        <marc:datafield tag="070" ind1="0" ind2=" ">
            <marc:subfield code="a">463.3</marc:subfield>
            <marc:subfield code="b">Ak4</marc:subfield>
        </marc:datafield>
        <marc:datafield tag="072" ind1=" " ind2=" ">
            <marc:subfield code="a">F600</marc:subfield>
        </marc:datafield>
        <marc:datafield tag="072" ind1=" " ind2=" ">
            <marc:subfield code="a">F500</marc:subfield>
        </marc:datafield>
        <marc:datafield tag="072" ind1=" " ind2=" ">
            <marc:subfield code="a">K001</marc:subfield>
        </marc:datafield>
        <marc:datafield tag="100" ind1="1" ind2=" ">
            <marc:subfield code="a">Akhromeĭko, Avksentiĭ Ivanovich.</marc:subfield>
        </marc:datafield>
        <marc:datafield tag="245" ind1="1" ind2="0">
            <marc:subfield code="6">880-01</marc:subfield>
            <marc:subfield code="a">Fiziologicheskoe obosnovanie sozdanii︠a︡ ustoĭchivykh lesnykh nasazhdeniĭ.</marc:subfield>
        </marc:datafield>
        <marc:datafield tag="880" ind1="1" ind2="0">
            <marc:subfield code="6">245-01/(N</marc:subfield>
            <marc:subfield code="a">Физиологическое обоснование создания устойчивых лесных насаждений.</marc:subfield>
        </marc:datafield>
        <marc:datafield tag="260" ind1=" " ind2=" ">
            <marc:subfield code="6">880-02</marc:subfield>
            <marc:subfield code="a">Moskva :</marc:subfield>
            <marc:subfield code="b">Lesnai︠a︡ promyshlennostʹ,</marc:subfield>
            <marc:subfield code="c">1965.</marc:subfield>
        </marc:datafield>
        <marc:datafield tag="880" ind1=" " ind2=" ">
            <marc:subfield code="6">260-02/(N</marc:subfield>
            <marc:subfield code="a">Москва :</marc:subfield>
            <marc:subfield code="b">Лесная промышленность,</marc:subfield>
            <marc:subfield code="c">1965.</marc:subfield>
        </marc:datafield>
        <marc:datafield tag="300" ind1=" " ind2=" ">
            <marc:subfield code="a">310 pages</marc:subfield>
        </marc:datafield>
        <marc:datafield tag="336" ind1=" " ind2=" ">
            <marc:subfield code="a">text</marc:subfield>
            <marc:subfield code="b">txt</marc:subfield>
            <marc:subfield code="2">rdacontent</marc:subfield>
        </marc:datafield>
        <marc:datafield tag="337" ind1=" " ind2=" ">
            <marc:subfield code="a">unmediated</marc:subfield>
            <marc:subfield code="b">n</marc:subfield>
            <marc:subfield code="2">rdamedia</marc:subfield>
        </marc:datafield>
        <marc:datafield tag="338" ind1=" " ind2=" ">
            <marc:subfield code="a">volume</marc:subfield>
            <marc:subfield code="b">nc</marc:subfield>
            <marc:subfield code="2">rdacarrier</marc:subfield>
        </marc:datafield>
        <marc:datafield tag="588" ind1=" " ind2=" ">
            <marc:subfield code="a">Non-Latin script generated programmatically.</marc:subfield>
        </marc:datafield>
        <marc:datafield tag="591" ind1=" " ind2=" ">
            <marc:subfield code="b">NAL Reclamation</marc:subfield>
        </marc:datafield>
        <marc:datafield tag="650" ind1=" " ind2="0">
            <marc:subfield code="a">Trees</marc:subfield>
            <marc:subfield code="x">Physiology and morphology.</marc:subfield>
        </marc:datafield>
        <marc:datafield tag="650" ind1=" " ind2="0">
            <marc:subfield code="a">Roots (Botany)</marc:subfield>
            <marc:subfield code="0">http://id.loc.gov/authorities/subjects/sh85115375</marc:subfield>
        </marc:datafield>
        <marc:datafield tag="650" ind1=" " ind2="0">
            <marc:subfield code="a">Plants</marc:subfield>
            <marc:subfield code="x">Nutrition.</marc:subfield>
            <marc:subfield code="0">http://id.loc.gov/authorities/subjects/sh85102868</marc:subfield>
        </marc:datafield>
        <marc:datafield tag="650" ind1=" " ind2="0">
            <marc:subfield code="a">Forests and forestry</marc:subfield>
            <marc:subfield code="x">Research</marc:subfield>
            <marc:subfield code="z">Soviet Union.</marc:subfield>
        </marc:datafield>
        <marc:datafield tag="651" ind1=" " ind2="7">
            <marc:subfield code="a">Soviet Union.</marc:subfield>
            <marc:subfield code="2">fast</marc:subfield>
            <marc:subfield code="0">(OCoLC)fst01210281</marc:subfield>
        </marc:datafield>
        <marc:datafield tag="911" ind1=" " ind2=" ">
            <marc:subfield code="i">chl00192924</marc:subfield>
        </marc:datafield>
        <marc:datafield tag="930" ind1=" " ind2=" ">
            <marc:subfield code="a">00000000</marc:subfield>
            <marc:subfield code="b">00000000</marc:subfield>
            <marc:subfield code="c">00000000</marc:subfield>
        </marc:datafield>
        <marc:datafield tag="946" ind1=" " ind2=" ">
            <marc:subfield code="a">Non-US</marc:subfield>
        </marc:datafield>
        <marc:datafield tag="035" ind1=" " ind2=" ">
            <marc:subfield code="a">(Alma)9915527721907426</marc:subfield>
        </marc:datafield>
    </marc:record>