
    <marc:record>
        <marc:leader>00944cam a2200337Mi 4500</marc:leader>
        <marc:controlfield tag="001">CAT11022890</marc:controlfield>
        <marc:controlfield tag="005">20221102153317.0</marc:controlfield>
        <marc:controlfield tag="008">950622s1964    xo            000 0 slo d</marc:controlfield>
        <marc:datafield tag="016" ind1="7" ind2=" ">
            <marc:subfield code="a">CAT11022890</marc:subfield>
            <marc:subfield code="2">DNAL</marc:subfield>
        </marc:datafield>
        <marc:datafield tag="035" ind1=" " ind2=" ">
            <marc:subfield code="a">757732</marc:subfield>
        </marc:datafield>
        <marc:datafield tag="035" ind1=" " ind2=" ">
            <marc:subfield code="a">(OCoLC)1289067550</marc:subfield>
        </marc:datafield>
        <marc:datafield tag="035" ind1=" " ind2=" ">
            <marc:subfield code="a">(DNAL)757732-naldb-Voyager</marc:subfield>
        </marc:datafield>
        <marc:datafield tag="040" ind1=" " ind2=" ">
            <marc:subfield code="a">AGL</marc:subfield>
            <marc:subfield code="b">eng</marc:subfield>
            <marc:subfield code="c">AGL</marc:subfield>
        </marc:datafield>
        <marc:datafield tag="049" ind1=" " ind2=" ">
            <marc:subfield code="a">RQIB</marc:subfield>
        </marc:datafield>
        <marc:datafield tag="070" ind1="0" ind2=" ">
            <marc:subfield code="a">459.7</marc:subfield>
            <marc:subfield code="b">M21A</marc:subfield>
        </marc:datafield>
        <marc:datafield tag="072" ind1=" " ind2=" ">
            <marc:subfield code="a">F140</marc:subfield>
        </marc:datafield>
        <marc:datafield tag="072" ind1=" " ind2=" ">
            <marc:subfield code="a">S200</marc:subfield>
        </marc:datafield>
        <marc:datafield tag="100" ind1="1" ind2=" ">
            <marc:subfield code="a">Macků, Jan.</marc:subfield>
        </marc:datafield>
        <marc:datafield tag="245" ind1="1" ind2="0">
            <marc:subfield code="a">Atlas liečivých rastlín.</marc:subfield>
        </marc:datafield>
        <marc:datafield tag="250" ind1=" " ind2=" ">
            <marc:subfield code="a">[1. vyd.].</marc:subfield>
        </marc:datafield>
        <marc:datafield tag="260" ind1=" " ind2=" ">
            <marc:subfield code="a">Bratislava :</marc:subfield>
            <marc:subfield code="b">Vydavatelʹstvo Slovenskej akadémie vied,</marc:subfield>
            <marc:subfield code="c">1964.</marc:subfield>
        </marc:datafield>
        <marc:datafield tag="300" ind1=" " ind2=" ">
            <marc:subfield code="a">466 p.</marc:subfield>
        </marc:datafield>
        <marc:datafield tag="591" ind1=" " ind2=" ">
            <marc:subfield code="b">NAL Reclamation</marc:subfield>
        </marc:datafield>
        <marc:datafield tag="650" ind1=" " ind2="0">
            <marc:subfield code="a">Botany, Medical</marc:subfield>
            <marc:subfield code="z">Czechoslovakia.</marc:subfield>
        </marc:datafield>
        <marc:datafield tag="650" ind1=" " ind2="0">
            <marc:subfield code="a">Botany, Medical</marc:subfield>
            <marc:subfield code="x">Pictorial works.</marc:subfield>
        </marc:datafield>
        <marc:datafield tag="700" ind1="1" ind2=" ">
            <marc:subfield code="a">Krejča, Jindřich.</marc:subfield>
        </marc:datafield>
        <marc:datafield tag="710" ind1="2" ind2=" ">
            <marc:subfield code="a">Slovenská akadémia vied a umení.</marc:subfield>
        </marc:datafield>
        <marc:datafield tag="911" ind1=" " ind2=" ">
            <marc:subfield code="i">chl00190385</marc:subfield>
        </marc:datafield>
        <marc:datafield tag="930" ind1=" " ind2=" ">
            <marc:subfield code="a">00000000</marc:subfield>
            <marc:subfield code="b">00000000</marc:subfield>
            <marc:subfield code="c">00000000</marc:subfield>
        </marc:datafield>
        <marc:datafield tag="946" ind1=" " ind2=" ">
            <marc:subfield code="a">Non-US</marc:subfield>
        </marc:datafield>
        <marc:datafield tag="035" ind1=" " ind2=" ">
            <marc:subfield code="a">(Alma)9915527719207426</marc:subfield>
        </marc:datafield>
    </marc:record>